%% This BibTeX bibliography file was created using BibDesk.
%% http://bibdesk.sourceforge.net/


%% Created for Dustin Wheeler at 2024-01-30 12:16:32 -0500 


%% Saved with string encoding Unicode (UTF-8) 



@article{hill1926mutual,
	author = {Hill, Arthur E and Malisoff, William M},
	doi = {10.1021/ja01415a011},
	journal = {Journal of the American Chemical Society},
	keywords = {two-phase},
	number = {4},
	pages = {918--927},
	publisher = {ACS Publications},
	title = {The mutual solubility of liquids. III. The mutual solubility of phenol and water. IV. The mutual solubility of normal butyl alcohol and water},
	volume = {48},
	year = {1926},
	bdsk-url-1 = {https://doi.org/10.1021/ja01415a011}}

@article{hill1923mutual,
	author = {Hill, Arthur E},
	date-added = {2023-08-08 16:20:49 -0400},
	date-modified = {2023-08-08 16:21:43 -0400},
	doi = {10.1021/ja01658a007},
	journal = {Journal of the American Chemical Society},
	keywords = {two-phase},
	number = {5},
	pages = {1143--1155},
	publisher = {ACS Publications},
	title = {The mutual solubility of liquids. I. The mutual solubility of ethyl ether and water. II. The solubility of water in benzene},
	volume = {45},
	year = {1923},
	bdsk-url-1 = {https://doi.org/10.1021/ja01658a007}}

@inbook{sime1990physical,
	author = {Sime, Rodney J},
	booktitle = {Physical Chemistry: Methods, Techniques, and Experiments},
	chapter = {19},
	date-added = {2023-08-02 15:52:58 -0400},
	date-modified = {2023-08-03 15:21:59 -0400},
	keywords = {pka},
	publisher = {Harcourt Brace College Publishers},
	title = {The p$K_a$ of a Weak Acid},
	year = {1990}}

@webpage{2023Activities,
	date-added = {2023-08-01 13:38:25 -0400},
	date-modified = {2023-08-02 12:33:06 -0400},
	keywords = {pka},
	month = {jan 30},
	note = {[Online; accessed 2023-08-01]},
	title = {Activities and their {Effects} on {Equilibria}},
	url = {https://chem.libretexts.org/Bookshelves/Physical_and_Theoretical_Chemistry_Textbook_Maps/Supplemental_Modules_(Physical_and_Theoretical_Chemistry)/Physical_Properties_of_Matter/Solutions_and_Mixtures/Nonideal_Solutions/Activities_and_their_Effects_on_Equilibria},
	year = {2023},
	bdsk-url-1 = {https://chem.libretexts.org/Bookshelves/Physical_and_Theoretical_Chemistry_Textbook_Maps/Supplemental_Modules_(Physical_and_Theoretical_Chemistry)/Physical_Properties_of_Matter/Solutions_and_Mixtures/Nonideal_Solutions/Activities_and_their_Effects_on_Equilibria}}

@book{pavia1995organic,
	address = {Belmont, CA},
	author = {Pavia, Donald L and Lampman, Gary M and Kriz, George S and Engel, Randall G},
	date-added = {2023-06-29 14:31:26 -0400},
	date-modified = {2023-06-29 14:33:32 -0400},
	edition = {2nd ed.},
	keywords = {binary_phases},
	publisher = {Brooks/Cole},
	title = {Organic Laboratory Techniques},
	year = {2005}}

@book{hillert2007phase,
	author = {Hillert, M},
	date-added = {2023-06-29 13:11:01 -0400},
	date-modified = {2023-06-29 13:12:08 -0400},
	keywords = {binary_phases},
	publisher = {Cambridge university press},
	title = {Phase equilibria, phase diagrams and phase transformations: their thermodynamic basis},
	year = {2007}}

@book{horsley1973azeotropic,
	author = {Horsley, Lee H and Tamplin, William S},
	date-added = {2023-06-29 13:02:59 -0400},
	date-modified = {2023-06-29 13:03:12 -0400},
	keywords = {binary_phases},
	publisher = {ACS Publications},
	title = {Azeotropic data---II},
	year = {1973}}

@article{ramette1967equilibrium,
	author = {Ramette, Richard},
	date-added = {2023-06-28 10:50:27 -0400},
	date-modified = {2023-08-03 14:21:53 -0400},
	journal = {Journal of Chemical Education},
	keywords = {pka},
	number = {11},
	pages = {647},
	publisher = {ACS Publications},
	title = {Equilibrium constants from spectrophoto\-metric data: Principles, practice and programming},
	volume = {44},
	year = {1967}}

@article{ramette1963dissociation,
	author = {Ramette, Richard},
	date-added = {2023-06-28 10:49:39 -0400},
	date-modified = {2023-06-28 10:49:50 -0400},
	journal = {Journal of Chemical Education},
	keywords = {pka},
	number = {5},
	pages = {252},
	publisher = {ACS Publications},
	title = {The dissociation quotient of bromcresol green: A class study of ionic strength effects},
	volume = {40},
	year = {1963}}

@inbook{daniels1970,
	address = {New York, NY},
	author = {F. Daniels and J. W. Williams and P. Bender and R. A. Alberty and C. D. Cornwell and J. E. Harriman},
	booktitle = {Experimental Physical Chemistry},
	date-added = {2023-06-28 10:46:19 -0400},
	date-modified = {2023-08-03 15:16:12 -0400},
	edition = {7th ed.},
	keywords = {pka},
	pages = {113--115},
	publisher = {McGraw-Hill},
	title = {Acid Dissociation Constant of Methyl Red},
	year = {1970}}

@article{tobey1958acid,
	author = {Tobey, Stephen W},
	date-added = {2023-06-28 10:41:18 -0400},
	date-modified = {2023-08-03 14:58:09 -0400},
	doi = {10.1021/ed035p514},
	journal = {Journal of Chemical Education},
	keywords = {pka},
	number = {10},
	pages = {514},
	publisher = {ACS Publications},
	title = {The acid dissociation constant of methyl red. A spectrophotometric measurement},
	volume = {35},
	year = {1958},
	bdsk-url-1 = {https://doi.org/10.1021/ed035p514}}

@book{hofacker1972,
	address = {San Francisco, CA},
	author = {U.A. Hofacker},
	date-added = {2023-06-26 11:07:01 -0400},
	date-modified = {2023-06-26 11:22:43 -0400},
	keywords = {aquation},
	publisher = {Freeman},
	title = {Chemical Experimentation, Exercise 14},
	year = {1972}}

@book{harvss1979,
	date-added = {2023-06-26 11:05:22 -0400},
	date-modified = {2023-06-26 11:06:53 -0400},
	keywords = {aquation},
	publisher = {Harvard University},
	title = {The Harvard (Summer School) General Chemistry Laboratory Manual},
	year = {1979}}

@inbook{davis1972nabh,
	address = {Boston, MA},
	author = {Davis, R. E. and Page, D. S.},
	date-added = {2023-06-26 10:59:49 -0400},
	date-modified = {2023-06-26 11:05:14 -0400},
	editor = {H.A. Neidig},
	keywords = {aquation},
	publisher = {Willard Grant},
	series = {Modular Laboratory Program in Chemistry},
	title = {The Kinetics of the Hydrolysis of Sodium Borohydride},
	year = {1972}}

@book{jolly1972encounters,
	author = {Jolly, William L},
	date-added = {2023-06-26 10:22:57 -0400},
	date-modified = {2023-06-26 10:23:14 -0400},
	keywords = {aquation},
	publisher = {Harcourt Brace College Publishers},
	title = {Encounters in Experimental Chemistry},
	year = {1972}}

@book{lakowicz06,
	author = {Lakowicz, Joseph R},
	date-added = {2020-05-13 16:47:38 -0400},
	date-modified = {2020-05-13 16:48:54 -0400},
	keywords = {fret, fluorescence},
	publisher = {Springer Science+Business Media},
	title = {Principles of Fluorescence Spectroscopy},
	year = {2006}}

@inbook{drago1992phys,
	author = {Drago, Russell S},
	chapter = {7, 8},
	date-added = {2020-02-21 11:53:31 -0500},
	date-modified = {2020-02-21 11:54:33 -0500},
	edition = {2nd ed.},
	keywords = {nmr},
	publisher = {Saunders, Philadelphia},
	title = {Physical Methods For Chemists},
	year = {1992}}

@book{davis1965advanced,
	author = {Davis Jr., Jefferson C},
	date-added = {2020-02-21 09:47:30 -0500},
	date-modified = {2020-02-21 09:55:21 -0500},
	keywords = {nmr},
	publisher = {Wiley-Interscience, New York},
	title = {Advanced Physical Chemistry: Molecules, Structure, And Spectra},
	year = {1965}}

@book{lyons1991data,
	author = {Lyons, Louis},
	date-added = {2020-02-04 17:43:49 -0500},
	date-modified = {2021-02-16 16:51:11 -0500},
	keywords = {errors},
	publisher = {Cambridge University Press},
	title = {Data Analysis for Physical Science Students},
	year = {1991}}

@book{taylor1997error,
	author = {Taylor, John R},
	date-added = {2020-01-31 14:51:57 -0500},
	date-modified = {2020-01-31 16:09:49 -0500},
	edition = {2nd ed.},
	journal = {Univ. Science Books, Sausalito, California},
	keywords = {errors},
	publisher = {University Science Books, Sausalito, CA},
	title = {An Introduction to Error Analysis},
	year = {1997}}

@inbook{Kaloyerou2018,
	abstract = {Never be satisfied with a single reading; repeat the measurement. This procedure will improve the precision of results; it can also show up careless mistakes.},
	address = {Cham},
	author = {Kaloyerou, Panayiotis Nicos},
	booktitle = {Basic Concepts of Data and Error Analysis: With Introductions to Probability and Statistics and to Computer Methods},
	date-added = {2020-01-22 14:11:44 -0500},
	date-modified = {2021-02-16 16:52:13 -0500},
	doi = {10.1007/978-3-319-95876-7_3},
	isbn = {978-3-319-95876-7},
	keywords = {errors},
	pages = {27--59},
	publisher = {Springer International Publishing},
	title = {Error Analysis},
	url = {https://doi.org/10.1007/978-3-319-95876-7_3},
	year = {2018},
	bdsk-url-1 = {https://doi.org/10.1007/978-3-319-95876-7_3}}

@book{hollas04,
	author = {Hollas, JM},
	date-added = {2019-02-28 17:18:15 +0000},
	date-modified = {2020-01-31 16:11:44 -0500},
	edition = {3rd ed.},
	keywords = {hcl_dcl},
	publisher = {John Wiley \& Sons Inc., New York},
	title = {Modern Spectroscopy},
	year = {1996}}

@book{mcquarrie73,
	author = {McQuarrie, DA},
	date-added = {2019-02-28 17:02:07 +0000},
	date-modified = {2019-02-28 17:03:06 +0000},
	edition = {reprint},
	keywords = {hcl_dcl},
	publisher = {University Science Books, Sausalito, CA},
	title = {Statistical Thermodynamics},
	year = {1985}}

@book{nibler14,
	author = {Nibler, JW and Garland, CW and Stine, KJ and Kim, JE},
	date-added = {2019-02-26 22:20:20 +0000},
	date-modified = {2020-01-31 16:11:19 -0500},
	edition = {9th ed.},
	keywords = {hcl_dcl, nmr},
	publisher = {McGraw-Hill, New York},
	title = {Experiments in Physical Chemistry},
	year = {2014}}

@incollection{noyes61,
	author = {Noyes, RM},
	booktitle = {Progress in Reaction Kinetics},
	date-added = {2019-01-31 21:37:20 +0000},
	date-modified = {2019-02-26 22:27:46 +0000},
	keywords = {fluorescence},
	pages = {129--160},
	publisher = {Pergamon Press,},
	title = {Effects of diffusion rates on chemical kinetics},
	volume = {1},
	year = {1961}}

@book{noggle96,
	author = {Noggle, JH},
	date-added = {2019-01-31 21:34:07 +0000},
	date-modified = {2020-01-31 16:12:09 -0500},
	edition = {3rd ed.},
	keywords = {fluorescence; polymers},
	pages = {480},
	publisher = {Harper Collins, New York},
	title = {Physical Chemistry},
	year = {1996}}

@book{atkins94,
	address = {New York, NY},
	author = {Atkins, PW and de Paula, J.},
	date-added = {2019-01-31 21:32:54 +0000},
	date-modified = {2023-08-08 16:25:01 -0400},
	edition = {8th ed.},
	keywords = {polymers; fluorescence; hcl_dcl; binary_phases; two-phase},
	pages = {795},
	publisher = {W.H. Freeman},
	title = {Physical Chemistry},
	year = {2006}}

@book{silbey05,
	author = {Silbey, RJ and Alberty, RA and Bawendi, MG},
	date-added = {2019-01-31 21:31:33 +0000},
	date-modified = {2023-06-29 13:09:21 -0400},
	edition = {4th ed.},
	keywords = {binary_phases},
	pages = {692--696},
	publisher = {Wiley-Interscience, New York},
	title = {Physical Chemistry},
	year = {2005}}

@book{levine95,
	author = {Levine, IN},
	date-modified = {2023-08-08 16:25:29 -0400},
	edition = {4th ed.},
	keywords = {fluorescence; polymers; hcl_dcl; two-phase},
	pages = {469},
	publisher = {McGraw-Hill, New York},
	title = {Physical Chemistry},
	year = {1995}}

@book{halpern97,
	author = {Halpern, Arthur M},
	date-modified = {2019-02-26 22:28:15 +0000},
	keywords = {fluorescence; polymers},
	publisher = {Prentice Hall, New Jersey},
	title = {Experimental Physical Chemistry: A Laboratory Textbook},
	year = {1997}}
